<?xml version="1.0" encoding="UTF-8"?><record xmlns="http://www.loc.gov/MARC21/slim" xmlns:cinclude="http://apache.org/cocoon/include/1.0" xmlns:zs="http://www.loc.gov/zing/srw/">
  <leader>00418cz  a2200121n  4500</leader>
  <controlfield tag="001">n  88220129 </controlfield>
  <controlfield tag="003">DLC</controlfield>
  <controlfield tag="005">19890524104133.3</controlfield>
  <controlfield tag="008">890508n| acannaab|          |n aaa ||| b</controlfield>
  <datafield tag="010" ind1=" " ind2=" ">
    <subfield code="a">n  88220129 </subfield>
  </datafield>
  <datafield tag="040" ind1=" " ind2=" ">
    <subfield code="a">DNLM</subfield>
    <subfield code="c">DLC</subfield>
    <subfield code="d">DLC</subfield>
  </datafield>
  <datafield tag="100" ind1="1" ind2="0">
    <subfield code="a">Coombs, Robert J.</subfield>
  </datafield>
  <datafield tag="670" ind1=" " ind2=" ">
    <subfield code="a">CT guided biopsy of sacral metastatic carcinoma with CT scan assistance [SL] 1987:</subfield>
    <subfield code="b">credit frame (Robert J. Coombs, M.D., Dept. of Radiol., Med. Col. of Ohio)</subfield>
  </datafield>
</record>